
@misc{HaYiChSh15,
  title = "The Fairy-Ring Dance: Password Authenticated Key Exchange in a Group",
  author = "F. Hao and X. Yi and L. Chen and S. F. Shahandashti",
  howpublished = {Cryptology ePrint Archive, Report 2015/080},
  year = "2015"
}


@misc{Ha15,
  title = "Dragonfly key exchange -- internet research task force internet draft",
  author = "D. Harkins",
  year = "2015",
  note = {\url{http://datatracker.ietf.org/doc/draft-irtf-cfrg-dragonfly/}}
}

@inproceedings{BeMe92,
  title={Encrypted key exchange: Password-based protocols secure against dictionary attacks},
  author={S. M. Bellovin and M. Merritt},
  booktitle={1992 IEEE Computer Society Symposium on Research in Security and Privacy Proceedings},
  pages={72--84},
  year={1992},
  organization={IEEE}
}

@inproceedings{BoMaPa00,
  title={Provably Secure Password-Authenticated Key Exchange Using Diffie-Hellman},
  author={V. Boyko and P. MacKenzie and S. Patel.},
  booktitle={LNCS 1807,Springer-Verlag, Berlin},
  pages={156--171},
  year={2000},
  organization={Eurocrypt 2000}
}


@article{HaRy2010,
  title = {{J-PAKE}: Authenticated Key Exchange without {PKI}},
  author = {F. Hao and P. Ryan},
  journal = {Transactions on Computational Science {XI}, Lecture Notes in Computer Science},
  year = 2010,
  volume = 6480,
  pages = {192--206},
}



